<?xml version="1.0" encoding="UTF-8"?>
<record xmlns="http://www.loc.gov/MARC21/slim" xmlns:xsi="http://www.w3.org/2001/XMLSchema-instance" xsi:schemaLocation="http://www.loc.gov/MARC21/slim http://www.loc.gov/standards/marcxml/schema/MARC21slim.xsd">
<leader>     nam a22002417a 4500</leader>
<controlfield tag="001">001677670</controlfield>
<controlfield tag="003">NNU</controlfield>
<controlfield tag="005">19980608174131.6</controlfield>
<controlfield tag="008">960719s1967    iq            000 0 ara d</controlfield>
<datafield tag="035" ind1="9" ind2=" ">
<subfield code="a">NYUb12221054</subfield>
</datafield>
<datafield tag="035" ind1=" " ind2=" ">
<subfield code="a">(MH)MHBHQ45200HU</subfield>
</datafield>
<datafield tag="035" ind1=" " ind2=" ">
<subfield code="a">(CStRLIN)MAHGBHQ45200-B</subfield>
</datafield>
<datafield tag="040" ind1=" " ind2=" ">
<subfield code="a">MH</subfield>
<subfield code="c">MH</subfield>
<subfield code="d">CStRLIN</subfield>
</datafield>
<datafield tag="100" ind1="1" ind2=" ">
<subfield code="a">Baḥrānī, Ḥusayn ibn ʻAlī.</subfield>
</datafield>
<datafield tag="245" ind1="1" ind2="3">
<subfield code="a">al-Ṭarīq ilá Allāh /</subfield>
<subfield code="c">qaddama lahu Mahdī al-Samāwī.</subfield>
</datafield>
<datafield tag="260" ind1=" " ind2=" ">
<subfield code="a">[al-Najaf] :</subfield>
<subfield code="b">Maktabat al-Imām al-Ḥusayn al-ʻĀmmah,</subfield>
<subfield code="c">[1967]</subfield>
</datafield>
<datafield tag="300" ind1=" " ind2=" ">
<subfield code="a">143 p.</subfield>
</datafield>
<datafield tag="490" ind1="1" ind2=" ">
<subfield code="a">Min Hudá Ahl al-Bayt ;</subfield>
<subfield code="v">2</subfield>
</datafield>
<datafield tag="500" ind1=" " ind2=" ">
<subfield code="a">At head of title: Min Manshūrāt Maktabat al-Imām al-Ḥusayn al-ʻĀmmah fī al-samāwah.</subfield>
</datafield>
<datafield tag="650" ind1=" " ind2="0">
<subfield code="a">Islam.</subfield>
</datafield>
<datafield tag="830" ind1=" " ind2="0">
<subfield code="a">Min Hudá Ahl al-Bayt ;</subfield>
<subfield code="v">2.</subfield>
</datafield>
<datafield tag="OWN" ind1=" " ind2=" ">
<subfield code="a">GENERAL</subfield>
</datafield>
<datafield tag="950" ind1=" " ind2=" ">
<subfield code="l">BMAIN</subfield>
<subfield code="a">BP183.6</subfield>
<subfield code="b">.B3</subfield>
</datafield>
<datafield tag="955" ind1=" " ind2=" ">
<subfield code="l">BMAIN</subfield>
<subfield code="c">1</subfield>
<subfield code="r">028079450</subfield>
</datafield>
<datafield tag="998" ind1=" " ind2=" ">
<subfield code="s">9555</subfield>
</datafield>
<datafield tag="AVA" ind1=" " ind2=" ">
<subfield code="a">NYU50</subfield>
<subfield code="b">BOBST</subfield>
<subfield code="c">Main Collection</subfield>
<subfield code="d">BP183.6 .B3</subfield>
<subfield code="e">unavailable</subfield>
<subfield code="t">Unavailable</subfield>
<subfield code="f">1</subfield>
<subfield code="g">1</subfield>
<subfield code="h">N</subfield>
<subfield code="i">0</subfield>
<subfield code="j">MAIN</subfield>
<subfield code="k">0</subfield>
</datafield>
</record>
